@misc{ wiki:risico_analyse,
   author = "Wikipedia-bijdragers",
   title = "Risicoanalyse --- Wikipedia{,} de vrije encyclopedie",
   year = "2009",
   note = "\url{http://nl.wikipedia.org/w/index.php?title=Risicoanalyse&oldid=16060519} [Online; accessed 7-april-2009]"
 }

 @misc{ wiki:agile,
   author = "Wikipedia-bijdragers",
   title = "Agile-software-ontwikkeling --- Wikipedia{,} de vrije encyclopedie",
   year = "2009",
   note = "\url{http://nl.wikipedia.org/w/index.php?title=Agile-software-ontwikkeling&oldid=16255894} [Online; accessed 7-april-2009]"
 }
 
  @misc{ trac,
   author = "Edgewall Software",
   title = "The Trac Project",
   year = "2009",
   note = "\url{http://trac.edgewall.org/} [Online; accessed 14-april-2009]"
 }

  @misc{ vtk,
   title = "VTK Visualisation Toolkit",
   year = "2009",
   note = "\url{http://www.vtk.org/} [Online; accessed 15-april-2009]"
 }
 
 
   @misc{ itk,
   title = "ITK Insight Toolkit",
   year = "2009",
   note = "\url{http://www.itk.org/} [Online; accessed 15-april-2009]"
 }
 
    @misc{ numpy,
   title = "NumPy",
   year = "2009",
   note = "\url{http://numpy.scipy.org/} [Online; accessed 15-april-2009]"
 }

@misc{ anatomie,
		author = "W. Platzer",
		title = "Sesam Atlas van de Anatomie",
		year = "2006"
 
 
 
