@misc{ wiki:risico_analyse,
   author = "Wikipedia-bijdragers",
   title = "Risicoanalyse --- Wikipedia{,} de vrije encyclopedie",
   year = "2009",
   note = "\url{http://nl.wikipedia.org/w/index.php?title=Risicoanalyse&oldid=16060519} [Online; accessed 7-april-2009]"
 }

 @misc{ wiki:agile,
   author = "Wikipedia-bijdragers",
   title = "Agile-software-ontwikkeling --- Wikipedia{,} de vrije encyclopedie",
   year = "2009",
   note = "\url{http://nl.wikipedia.org/w/index.php?title=Agile-software-ontwikkeling&oldid=16255894} [Online; accessed 7-april-2009]"
 }
 
  @misc{ trac,
   author = "Edgewall Software",
   title = "The Trac Project",
   year = "2009",
   note = "\url{http://trac.edgewall.org/} [Online; accessed 14-april-2009]"
 }

  @misc{ vtk,
    title = "VTK Visualisation Toolkit",
    year = "2009",
    note = "\url{http://www.vtk.org/} [Online; accessed 15-april-2009]"
 }
 
 
   @misc{ itk,
    title = "ITK Insight Toolkit",
    year = "2009",
    note = "\url{http://www.itk.org/} [Online; accessed 15-april-2009]"
 }
 
   @misc{ numpy,
    title = "NumPy",
    year = "2009",
    note = "\url{http://numpy.scipy.org/} [Online; accessed 15-april-2009]"
 }

   @book{ sesam,  
    author = "W. Platzer",
    title = "Sesam Atlas van de Anatomie",
    year = "2002",
    edition = "20"
 }

   @misc{ PDM,
    author= "Tim Cootes",
    title = "Statistical Shape Models",
    note = "\url{http://personalpages.manchester.ac.uk/staff/timothy.f.cootes/Models/pdms.html} [Online; accessed 07-june-2009]"
 }

   @misc{ pil,
    title = "Python Imaging Library (PIL)",
    year = "2009",
    note = "\url{http://www.pythonware.com/products/pil/} [Online; accessed 07-june-2009]"
 }
 
   @misc{ pilhandbook,
    title = "Python Imaging Library (PIL) Handbook",
    year = "2002",
    note = "\url{http://www.pythonware.com/media/data/pil-handbook.pdf} [Onlinel accessed 09-june-2009]"
 } 

    @incollection{introASM,
        author = "Tim Cootes",
        title = "An Introduction to Active Shape Models",
        booktitle = "Image Processing and Analysis",
        publisher = "Oxford University Press",
        year = "2000",
        pages = "223-248"
    }

 
		@inproceedings{vtk2,
			 author = {Schroeder, William J. and Martin, Kenneth M. and Lorensen, William E.},
			 title = {The design and implementation of an object-oriented toolkit for 3D graphics and visualization},
			 booktitle = {VIS '96: Proceedings of the 7th conference on Visualization '96},
			 year = {1996},
			 isbn = {0-89791-864-9},
			 pages = {93--ff.},
  	 }
		 
		  
 	 @misc{ prototype,
 	  title = "Prototype JS",
 	  year = "2007",
 	  note = "\url{http://www.prototypejs.org} [Online; accessed 08-june-2009]"
 }
 
   @misc{ scriptaculous,
    title = "Scriptaculous",
    year = "2008",
    note = "\url{http://script.aculo.us} [Online; accessed 08-june-2009]"
	 }
		 
@article{gpa,
  title={{Procrustes analysis}},
  author={Ross, A.},
  journal={Course report, Department of Computer Science and Engineering, University of South Carolina, Spring},
  year={2004}
}

	@article{pca,
	  title={{A tutorial on principal components analysis}},
	  author={Smith, L.I.},
	  journal={Cornell University, USA},
	  volume={51},
	  pages={52},
	  year={2002}
    }

@article{introasm,
  title={{An introduction to active shape models}},
  author={Cootes, T.},
  journal={Image Processing and Analysis},
  pages={223--248},
  year={2000}
}

@misc{tps,
  title = "Principal Warps: Thin-Plate Splines and the Decomposition of Deformations",
  note = "\url{mathworld.wolfram.com/ThinPlateSpline.html} [Online; accessed 08-june-2009]"
}

@article{tps2,
  title={{Principal warps: Thin-plate splines and the decomposition of deformations}},
  author={Bookstein, F.L.},
  journal={IEEE Transactions on pattern analysis and machine intelligence},
  volume={11},
  number={6},
  pages={567--585},
  year={1989}
}
