@misc{ wiki:risico_analyse,
   author = "Wikipedia-bijdragers",
   title = "Risicoanalyse --- Wikipedia{,} de vrije encyclopedie",
   year = "2009",
   url = "\url{http://nl.wikipedia.org/w/index.php?title=Risicoanalyse&oldid=16060519}",
   note = "[Online; accessed 7-april-2009]"
 }

